@article{korthauer2015,
  title={sc{M}ixture: Bayesian nonparametric mixture modeling of single-cell {RNA}-seq experiments},
  author={Korthauer, Keegan D and Chu, Li-Fang and Li, Yuan and Stewart, Ron and Thomson, James and Kendziorski, Christina},
  journal={In Preparation},
  year={2015}
}
